%quellen.bib
@book{umbruch,
    author = "Anton Egner and Bernhard Müller and Rudolf Renz and Martin Vöhringer and Hans-Jürgen Vollmer",
    title = "GESCHICHTE S II - Deutschland im Aufbruch",
    publisher = "Schroedel Verlag GmbH",
    address = "Hannover",
    date = 1996,
    isbn = "3-507-34914-0",
}

@online{wiki:ddr,
    author = {Wikipedia},
    title = {Deutsche Demokratische Republik},
    year = {2016},
    url = {https://de.wikipedia.org/wiki/Deutsche_Demokratische_Republik},
    urldate = {2016-12-02},
}

@inbook{izpb:weg-diktatur,
    author = {Andreas Malycha},
    title = {Auf dem Weg in die Diktatur (1945 bis 1949)},
    booktitle = {Geschichte der DDR},
    series = {Informationen zur politischen Bildung},
    number = {Nr. 312/2011},
    publisher = {Bundeszentrale für politische Bildung},
    year = 2011,
}

@inbook{izpb:ausbau-system,
    author = {Andreas Malycha},
    title = {Der Ausbau des neuen Systems (1949 bis 1961)},
    booktitle = {Geschichte der DDR},
    series = {Informationen zur politischen Bildung},
    number = {Nr. 312/2011},
    publisher = {Bundeszentrale für politische Bildung},
    year = 2011,
}

@inbook{izpb:reform,
    author = {Andreas Malycha},
    title = {Im Zeichen von Reform und Modernisierung (1961 bis 1971)},
    booktitle = {Geschichte der DDR},
    series = {Informationen zur politischen Bildung},
    number = {Nr. 312/2011},
    publisher = {Bundeszentrale für politische Bildung},
    year = 2011,
}

@inbook{izpb:schein,
    author = {Andreas Malycha},
    title = {Der Schein der Normalität (1971 bis 1982)},
    booktitle = {Geschichte der DDR},
    series = {Informationen zur politischen Bildung},
    number = {Nr. 312/2011},
    publisher = {Bundeszentrale für politische Bildung},
    year = 2011,
}

@book{puu,
    editor = "Lothar Frick and Dr. Reinhold Weber",
    title = "Leben in der DDR",
    series = "Politik \& Unterricht",
    number = "Heft 4-2009",
    publisher = "Landeszentrale für politische Bildung Baden-Bürttemberg",
    year = 2009,
}

% Aus dem Spiegel
@inbook{spiegel:kap1,
    author = "Nils Klawitter",
    title = "Hungern, hamstern, hoffen",
    booktitle = "Die DDR - Leben im sozialistischen Deutschland",
    series = "DER SPIEGEL Geschichte",
    number = "3/2015",
    publisher = "SPIEGEL-Verlag",
    year = 2009,
}

@inbook{spiegel:kap3,
    author = "Norbert F. Pötzl",
    title = "Das Hefekuchen-Problem - Repression und Nischengesellschaft",
    booktitle = "Die DDR - Leben im sozialistischen Deutschland",
    series = "DER SPIEGEL Geschichte",
    number = "3/2015",
    publisher = "SPIEGEL-Verlag",
    year = 2009,
}

@online{wiki:teilung,
    author = {Wikipedia},
    title = {Deutsche Teilung},
    year = {2016},
    url = {https://de.wikipedia.org/wiki/Deutsche_Teilung},
    urldate = {2016-12-05},
}

@online{wiki:geschddr,
    author = {Wikipedia},
    title = {Geschichte der Deutschen Demokratischen Republik},
    year = {2016},
    url = {https://de.wikipedia.org/wiki/Geschichte_der_Deutschen_Demokratischen_Republik},
    urldate = {2016-12-02},
}

@online{wiki:fuenfjahrplan,
    author = {Wikipedia},
    title = {Fünfjahresplan},
    year = {2016},
    url = {https://de.wikipedia.org/wiki/F%C3%BCnfjahresplan#Deutschland},
    urldate = {2016-12-13},
}

@online{stalinnoten,
    author = {Manfred Görtemaker},
    title = {Zwang zur Koexistenz in den fünfziger Jahren},
    year = {2016},
    url = {http://www.bpb.de/geschichte/deutsche-einheit/deutsche-teilung-deutsche-einheit/43654/die-50er-jahre-koexistenz?p=all},
    urldate = {2016-12-13},
}

@online{warschauer-pakt,
    author = {Markus Würz},
    title = {Beitritt zum Warschauer Pakt, in: Lebendiges Museum Online},
    year = {2016},
    url = {http://www.hdg.de/lemo/kapitel/geteiltes-deutschland-gruenderjahre/weg-nach-osten/beitritt-zum-warschauer-pakt.html},
    urldate = {2016-12-13},
    publisher = "Stiftung Haus der Geschichte der Bundesrepublik Deutschland",
}

@online{spiegel:schabowski,
    author = {Lisa Hemmerich},
    title = {Schabowskis legendärer Auftritt: Das folgenreichste Versehen der DDR-Geschichte},
    year = {2009},
    url = {http://www.spiegel.de/politik/deutschland/schabowskis-legendaerer-auftritt-das-folgenreichste-versehen-der-ddr-geschichte-a-660203.html},
    urldate = {2016-12-17},
}

@online{youtube:schabowski,
    author = {YouTube},
    title = {Schabowskis Zettel - 9. November in Ost-Berlin [Video von fritz51193]},
    year = {2014},
    url = {https://www.youtube.com/watch?v=VAS1nfUEC-w},
    urldate = {2016-12-17},
}

@online{stasi,
    author = {Märkische Allgemeine},
    title = {Rundum-Bewachung der Stasi},
    year = {2015},
    url = {http://www.maz-online.de/Lokales/Teltow-Flaeming/Luckenwalder-Familie-in-der-DDR-wegen-Ausreiseantrag-von-der-Stasi-ueberwacht},
    urldate = {2016-12-29},
}



